%% Referenceable works authored by the Celeritas team %%

@misc{johnson_celeritas_2022,
	address = {CERN},
	title = {Celeritas: {GPU} detector simulation},
	url = {https://indico.cern.ch/event/1160438/},
	language = {en},
	author = {Johnson, Seth R},
	month = jun,
	year = {2022},
	file = {Johnson - Celeritas GPU detector simulation.pdf:/Users/seth/Documents/work/Zotero/storage/5UV289PC/Johnson - Celeritas GPU detector simulation.pdf:application/pdf},
}

@misc{johnson_update_2023,
	title = {Update on {AdePT}/{Celeritas}},
	url = {https://indico.cern.ch/event/1215829/contributions/5306565/},
	author = {Morgan, Ben},
	collaborator = {Johnson, Seth R.},
	month = mar,
	year = {2023},
}

@misc{johnson_celeritas_2023,
	title = {Celeritas v0.2: {Geant4} {Integration} for {CMS}},
	url = {https://indico.cern.ch/event/1247039/#16-celeritas-project},
	author = {Johnson, Seth R.},
	month = mar,
	year = {2023},
}

@misc{johnson_celeritas_2023-1,
	address = {LBNL},
	title = {Celeritas v0.2: {Offloading} {EM} tracks to {GPU} from {Geant4}},
	url = {https://rpm.physics.lbl.gov/event/speaker-seth-r-johnson-ornl-tittle-celeritas-v0-2-a-new-monte-carlo-particle-transport-code-for-detector-simulation-on-gpus/},
	author = {Johnson, Seth R.},
	month = feb,
	year = {2023},
}

@misc{johnson_first_2023,
	title = {First steps toward {ATLAS}/{Celeritas} integration},
	url = {https://indico.cern.ch/event/1257309/},
	author = {Johnson, Seth R.},
	month = mar,
	year = {2023},
}

@misc{johnson_celeritas_2023-2,
	address = {LBNL},
	title = {Celeritas {ATLAS} close-out},
	url = {https://indico.cern.ch/event/1257763/},
	author = {Johnson, Seth R.},
	month = feb,
	year = {2023},
}

@misc{johnson_novel_2021,
	title = {Novel features and {GPU} performance analysis for {EM} particle transport in the {Celeritas} code},
	url = {https://indico.cern.ch/event/948465/contributions/4324114/},
	author = {Johnson, Seth R.},
	month = may,
	year = {2021},
}

@misc{johnson_geant4_2021,
	title = {Geant4 {R}\&{D}: activities for 2021},
	url = {https://indico.cern.ch/event/1011728/contributions/4252276/},
	author = {Pokorski, Witek},
	collaborator = {Johnson, Seth R.},
	month = mar,
	year = {2021},
}

@misc{johnson_unbounded_2023,
	title = {Unbounded surface models and {ORANGE}},
	url = {https://indico.cern.ch/event/1215829/contributions/5306568/},
	author = {Johnson, Seth R.},
	month = mar,
	year = {2023},
}

@misc{evans_exascale_2022,
	title = {Exascale {Computing} at {ORNL} {Past}, {Current}, and {Future}: {Opportunities} for {High} {Energy} {Physics}},
	url = {https://indico.cern.ch/event/1175052/},
	author = {Evans, Thomas},
	month = jun,
	year = {2022},
}

@misc{johnson_celeritas_2022-1,
	address = {Rennes, France},
	title = {Celeritas: {Version} 0.1},
	url = {https://indico.cern.ch/event/1156193/contributions/5053276/},
	author = {Johnson, Seth R.},
	month = sep,
	year = {2022},
}

@misc{johnson_celeritas_2023-3,
	title = {Celeritas v0.2: {CMS} update},
	url = {https://indico.cern.ch/event/1254081/#52-the-celeritas-project-repor},
	author = {Johnson, Seth R.},
	month = feb,
	year = {2023},
}

@misc{lund_celeritas_2022,
	address = {ANL},
	title = {Celeritas: {GPU}-accelerated particle transport for detector simulation in {HEP} experiments},
	author = {Lund, Amanda},
	month = sep,
	year = {2022},
}

@misc{johnson_celeritas_2022-2,
	title = {Celeritas {Version} 0.1: {CMS} update},
	url = {https://indico.cern.ch/event/1197830/#116-progress-of-the-celeritas},
	author = {Johnson, Seth R.},
	month = sep,
	year = {2022},
}

@misc{johnson_orange_2022,
	address = {Rennes, France},
	title = {{ORANGE}: surface-based {GPU} geometry},
	url = {https://indico.cern.ch/event/1156193/contributions/5039367/},
	author = {Johnson, Seth R.},
	month = sep,
	year = {2022},
}

@misc{evans_celeritas_2020,
	title = {Celeritas: toward {GPU}-based particle transport for detector simulations in {HEP} experiments},
	author = {Evans, Thomas},
	collaborator = {Johnson, Seth R and Tognini, Stefano},
	month = apr,
	year = {2020},
}

@misc{evans_monte_2020,
	title = {Monte {Carlo} neutron transport in the {ECP} {Coupled} {Monte} {Carlo} {Neutronics} and {Fluid} {Flow} {Simulation} of {Small} {Modular} {Reactor} ({ExaSMR}) project},
	author = {Evans, Thomas},
	collaborator = {Hamilton, Steven},
	month = apr,
	year = {2020},
}

@misc{johnson_update_2023-1,
	title = {Update on {R}\&{D} activities},
	url = {https://indico.cern.ch/event/1232331/contributions/5224862/},
	author = {Pokorski, Witek},
	collaborator = {Johnson, Seth R.},
	month = feb,
	year = {2023},
}

@misc{johnson_2022_2022,
	title = {2022 {Work}-plan for {R}\&{D}},
	url = {https://indico.cern.ch/event/1139613/contributions/4788825/},
	author = {Pokorski, Witek},
	collaborator = {Johnson, Seth R.},
	month = mar,
	year = {2022},
}

@misc{evans_hep-cce_2022,
	title = {{HEP}-{CCE}: {Celeritas}},
	url = {https://indico.fnal.gov/event/53750/contributions/239772/},
	author = {Evans, Thomas},
	collaborator = {Tognini, Stefano and Johnson, Seth R},
	month = apr,
	year = {2022},
}

@misc{lund_celeritas_2022-1,
	title = {Celeritas performance},
	url = {https://indico.cern.ch/event/1123314/},
	author = {Lund, Amanda},
	collaborator = {Romano, Paul},
	month = may,
	year = {2022},
}

@misc{lima_celeritas_2022,
	title = {Celeritas geometry – {VecGeom}},
	url = {https://indico.cern.ch/event/1123314/},
	author = {Lima, Guilherme},
	month = may,
	year = {2022},
}

@misc{johnson_celeritas_2022-3,
	title = {Celeritas project and code overview},
	url = {https://indico.cern.ch/event/1123314/},
	author = {Johnson, Seth R},
	month = may,
	year = {2022},
}

@misc{johnson_celeritas_2022-4,
	title = {Celeritas: {ORANGE}},
	url = {https://indico.cern.ch/event/1123314/},
	author = {Johnson, Seth R},
	month = may,
	year = {2022},
}

@misc{jun_celeritas_2022,
	title = {Celeritas {Magnetic} {Field}},
	url = {https://indico.cern.ch/event/1123314/},
	author = {Jun, Soon Yung},
	month = may,
	year = {2022},
}

@misc{johnson_celeritas_2022-5,
	title = {Celeritas physics interface},
	url = {https://indico.cern.ch/event/1123314/},
	author = {Johnson, Seth R},
	month = may,
	year = {2022},
}

@misc{jun_celeritas_2022-1,
	title = {Celeritas {Physics} {Perspectives}},
	url = {https://indico.cern.ch/event/1123314/},
	author = {Jun, Soon Yung},
	month = may,
	year = {2022},
}

@misc{tognini_celeritas_2022,
	title = {Celeritas physics validation},
	url = {https://indico.cern.ch/event/1123314/},
	author = {Tognini, Stefano},
	month = may,
	year = {2022},
}

@misc{tognini_experiment_2022,
	title = {Experiment integration},
	url = {https://indico.cern.ch/event/1123314/},
	author = {Tognini, Stefano},
	month = may,
	year = {2022},
}

@misc{jun_celeritas_2022-2,
	title = {Celeritas integration ideas: {Acceleritas}},
	url = {https://indico.cern.ch/event/1123314/},
	author = {Jun, Soon Yung},
	month = may,
	year = {2022},
}

@misc{johnson_celeritas_2022-6,
	title = {Celeritas: conclusion and challenges},
	url = {https://indico.cern.ch/event/1123314/},
	author = {Johnson, Seth R},
	month = may,
	year = {2022},
}

@misc{evans_celeritas_2020-1,
	title = {Celeritas: toward {GPU}-based particle transport for detector simulations in {HEP} experiments},
	author = {Evans, Thomas},
	collaborator = {Johnson, Seth R and Canal, Philippe},
	month = nov,
	year = {2020},
}

@misc{evans_celeritas_2021,
	title = {Celeritas: {Status} and {Plans}},
	url = {https://indico.cern.ch/event/1019940/#4-celeritas-status-plans},
	author = {Johnson, Seth R},
	collaborator = {Evans, Thomas and Canal, Philippe},
	month = apr,
	year = {2021},
}

@misc{johnson_celeritas_2022-7,
	title = {Celeritas: {Monte} {Carlo} detector simulation on {GPU}},
	url = {https://indico.cern.ch/event/1203733/timetable/#34-celeritas},
	author = {Johnson, Seth R.},
	month = nov,
	year = {2022},
}

@misc{esseiva_accelerating_2023,
	address = {LBNL},
	title = {Accelerating full detector simulation with {Celeritas}},
	author = {Esseiva, Julien},
	collaborator = {Johnson, Seth R and Evans, Thomas},
	month = feb,
	year = {2023},
}

@misc{tognini_celeritas_2022-1,
	address = {University of Mississippi},
	title = {Celeritas: {Bringing} {Exascale} computing to {HEP} detector simulation},
	author = {Tognini, Stefano},
	month = mar,
	year = {2022},
}

@misc{tognini_celeritas_2022-2,
	type = {Poster},
	title = {Celeritas: {HEP} detector simulation on {GPUs}},
	url = {https://indico.fnal.gov/event/22303/sessions/20790/#20220718},
	author = {Tognini, Stefano},
	month = jul,
	year = {2022},
}

@misc{johnson_hep_2022,
	title = {{HEP} {HPC} at {LHC}, {MC} on {GPU}, {WTF} {BBQ} {LOL}?},
	author = {Johnson, Seth R.},
	month = mar,
	year = {2022},
}
